
@article{salakhutdinov2008learning,
  title={Learning and evaluating Boltzmann machines},
  author={Salakhutdinov, Ruslan},
  journal={Technical Report UTML TR 2008-002, Department of Computer Science, University of Toronto},
  year={2008}
}

@article{cho2011improved,
  title={Improved learning of Gaussian-Bernoulli restricted Boltzmann machines},
  author={Cho, KyungHyun and Ilin, Alexander and Raiko, Tapani},
  journal={Artificial Neural Networks and Machine Learning--ICANN 2011},
  pages={10--17},
  year={2011},
  publisher={Springer}
}

@inproceedings{srivastava2012multimodal,
  title={Multimodal learning with deep boltzmann machines},
  author={Srivastava, Nitish and Salakhutdinov, Ruslan R},
  booktitle={Advances in neural information processing systems},
  pages={2222--2230},
  year={2012}
}

@article{krizhevsky2009tinyimages,
  title={Learning multiple layers of features from tiny images},
  author={Krizhevsky, Alex and Hinton, Geoffrey},
  year={2009},
  journal={Technical report, University of Toronto}
}

@inproceedings{salakhutdinov2009DBMs,
  title={Deep boltzmann machines},
  author={Salakhutdinov, Ruslan and Hinton, Geoffrey},
  booktitle={Artificial Intelligence and Statistics},
  pages={448--455},
  year={2009}
}

@article{salakhutdinov2015generativemodels,
  title={Learning deep generative models},
  author={Salakhutdinov, Ruslan},
  journal={Annual Review of Statistics and Its Application},
  volume={2},
  pages={361--385},
  year={2015},
  publisher={Annual Reviews}
}

@book{uml,
  title={The unified modeling language reference manual},
  author={Rumbaugh, James and Jacobson, Ivar and Booch, Grady},
  year={1999},
  publisher={Addison-Wesley}
}

@article{hess2017partitioned,
  title={Partitioned learning of deep Boltzmann machines for SNP data},
  author={Hess, Moritz and Lenz, Stefan and Bl{\"a}tte, Tamara J and Bullinger, Lars and Binder, Harald},
  journal={Bioinformatics},
  volume={33},
  number={20},
  pages={3173--3180},
  year={2017},
  publisher={Oxford University Press}
}

@article{bezanson2017julia,
  title={Julia: A fresh approach to numerical computing},
  author={Bezanson, Jeff and Edelman, Alan and Karpinski, Stefan and Shah, Viral B},
  journal={SIAM Review},
  volume={59},
  number={1},
  pages={65--98},
  year={2017},
  publisher={SIAM}
}

@inproceedings{abadi2016tensorflow,
  title={TensorFlow: A System for Large-Scale Machine Learning.},
  author={Abadi, Mart{\'\i}n and Barham, Paul and Chen, Jianmin and Chen, Zhifeng and Davis, Andy and Dean, Jeffrey and Devin, Matthieu and Ghemawat, Sanjay and Irving, Geoffrey and Isard, Michael and others},
  booktitle={OSDI},
  volume={16},
  pages={265--283},
  year={2016}
}

@article{theis2011deepbelief,
  title={In all likelihood, deep belief is not enough},
  author={Theis, Lucas and Gerwinn, Sebastian and Sinz, Fabian and Bethge, Matthias},
  journal={Journal of Machine Learning Research},
  volume={12},
  number={Nov},
  pages={3071--3096},
  year={2011},
  note={Associated code published on \url{https://github.com/lucastheis/deepbelief}}
}

@article{sala2012anefficient,
   author = {Salakhutdinov, Ruslan and Hinton, Geoffrey},
   title = {An Efficient Learning Procedure for Deep Boltzmann Machines},
   journal = {Neural Computation},
   volume = {24},
   number = {8},
   pages = {1967--2006},
   year = {2012},
   doi = {10.1162/NECO\_a\_00311}
}

@misc{mxnet,
   title = {Apache {MXNet}: A flexible and efficient library for deep learning},
   author = {{Apache Software Foundation}},
   howpublished = {\url{https://mxnet.apache.org/}},
   note = {Accessed: 2018-01-30}
}

@misc{pytorch,
   title = {{PyTorch}, Tensors and Dynamic neural networks in {Python} with strong {GPU} acceleration},
   author = {{Facebook, Inc}},
   howpublished = {\url{http://pytorch.org/}},
   note = {Accessed: 2018-01-30}
}

@incollection{bengio2012practical,
  title={Practical recommendations for gradient-based training of deep architectures},
  author={Bengio, Yoshua},
  booktitle={Neural networks: Tricks of the trade},
  pages={437--478},
  year={2012},
  publisher={Springer}
}

